@FOOTNOTE{Note1,key="Note1",note="JS Langer and V Ambegaokar. Friedel sum rule for a system of interacting electrons"}
@FOOTNOTE{Note2,key="Note2",note="Mukherjee and Lal-Holographic unitary renormalization group for correlated electrons - I: A tensor network approach-https://doi.org/10.1016/j.nuclphysb.2020.115170"}
@FOOTNOTE{Note3,key="Note3",note="Topological interpretation of the luttinger theorem. Physical Review B, 96(8):085124, 2017"}
@CONTROL{REVTEX42Control}
@CONTROL{apsrev42Control,author="08",editor="1",pages="0",title="0",year="1"}
