@article{Friedel,
    author =       "J. Friedel",
    title  =	   "",
    journal =      "Nuovo Cimento Suppl. VII",
    volume =       "287",
    year =         "1958",
},
@article{Anderson,
    author =       "P. W. Anderson",
    journal =      "Phys Rev",
    volume =       "124",
    year =         "1961",
},
@article{Kondo,
    author =       "Jun Kondo",
    journal =      "Prog. Theor. Phys.",
    volume =       "32",
    year =         "1964",
}
@article{Andrei,
    author =       "N. Andrei",
    journal =      "Phys. Rev. Lett",
    volume =       "87A",
    year =         "1980",
}
@article{Weigman,
    author =       "P.B.Weigman",
    journal =      " Sov. Phys. JETP Lett.",
    volume =       "31",
    year =         "1980",
}

@article{Tsvelick,
    author =       "A. M. Tsvelick, P.B. Weigman",
    journal =      "Adv. in Phys.",
    volume =       "32",
    year =         "1983",
}
@article{holography1,
    author =       "Anirban Mukherjee, Siddhartha Lal",
    title =        "Holographic unitary renormalization group for correlated electrons - I: A tensor network approach",
    journal =      "Nuclear Physics B",
    volume =       "960",
    year =         "2020",
    DOI =          "https://doi.org/10.1016/j.nuclphysb.2020.115170"
}
